<record><leader>00000cas a2200000 a 4500</leader><controlfield tag="001">24314168</controlfield><controlfield tag="008">910830d191119uuiluwr ne      0   a0eng c</controlfield><datafield ind1=" " ind2=" " tag="010"><subfield code="a">sn 91054139 </subfield></datafield><datafield ind1=" " ind2=" " tag="040"><subfield code="a">NVF</subfield><subfield code="b">eng</subfield><subfield code="c">NVF</subfield><subfield code="d">NVF</subfield><subfield code="d">OCLCF</subfield><subfield code="d">OCLCO</subfield><subfield code="d">NVF</subfield></datafield><datafield ind1=" " ind2=" " tag="042"><subfield code="a">pcc</subfield></datafield><datafield ind1=" " ind2=" " tag="043"><subfield code="a">n-us-il</subfield></datafield><datafield ind1="0" ind2=" " tag="130"><subfield code="a">Advertiser (Collinsville, Ill.)</subfield></datafield><datafield ind1="1" ind2="4" tag="245"><subfield code="a">The Advertiser.</subfield></datafield><datafield ind1=" " ind2=" " tag="260"><subfield code="a">Collinsville, Ill. :</subfield><subfield code="b">The Advertiser Press,</subfield><subfield code="c">1911-[19--?].</subfield></datafield><datafield ind1=" " ind2=" " tag="300"><subfield code="a">v. ;</subfield><subfield code="c">10 x 14 cm.</subfield></datafield><datafield ind1=" " ind2=" " tag="310"><subfield code="a">Weekly</subfield></datafield><datafield ind1="0" ind2=" " tag="362"><subfield code="a">Vol. 1, no. 1 (Mar. 11, 1911)-</subfield></datafield><datafield ind1=" " ind2=" " tag="515"><subfield code="a">Issues have no page numbering.</subfield></datafield><datafield ind1=" " ind2=" " tag="515"><subfield code="a">Various incorrect numbering and chronological designations.</subfield></datafield><datafield ind1=" " ind2=" " tag="525"><subfield code="a">"Fiction" supplements accompany issues June 21-Sept. 6, 1919.</subfield></datafield><datafield ind1=" " ind2=" " tag="530"><subfield code="a">Preservation microfilmed by the University of Illinois at Urbana-Champaign Library as part of the United States Newspaper Program; the years 1918-1924 (on 3 microfilm reels) are available for purchase from OCLC Preservation Service Centers.</subfield></datafield><datafield ind1=" " ind2=" " tag="588"><subfield code="a">Latest issue consulted: Vol. 13, no. 44 (Jan. 12, 1924).</subfield></datafield><datafield ind1=" " ind2="0" tag="651"><subfield code="a">Collinsville (Ill.)</subfield><subfield code="v">Newspapers.</subfield></datafield><datafield ind1=" " ind2="7" tag="651"><subfield code="a">Illinois</subfield><subfield code="z">Collinsville.</subfield><subfield code="2">fast</subfield><subfield code="0">(OCoLC)fst01217072</subfield></datafield><datafield ind1=" " ind2="7" tag="655"><subfield code="a">Newspapers.</subfield><subfield code="2">fast</subfield><subfield code="0">(OCoLC)fst01423814</subfield></datafield><datafield ind1=" " ind2=" " tag="752"><subfield code="a">United States</subfield><subfield code="b">Illinois</subfield><subfield code="c">Madison</subfield><subfield code="d">Collinsville.</subfield></datafield><datafield ind1="1" ind2=" " tag="029"><subfield code="a">AU@</subfield><subfield code="b">000020738005</subfield></datafield></record>